@misc{wikimodulo,
	author = {},
	title = {{D}ivision mit {R}est – {W}ikipedia},
	howpublished = {\url{https://de.wikipedia.org/w/index.php?title=Division_mit_Rest&oldid=245849462#Modulo}},
	year = {},
	note = {[Zugegriffen 06-07-2024]},
}

@misc{wikibetrag,
	author = {},
	title = {{B}etragsfunktion – {W}ikipedia},
	howpublished = {\url{https://de.wikipedia.org/w/index.php?title=Betragsfunktion&oldid=242940827}},
	year = {},
	note = {[Zugegriffen 06-07-2024]},
}

@misc{wikigaussklammer,
	author = {},
	title = {{A}brundungsfunktion und {A}ufrundungsfunktion – {W}ikipedia},
	howpublished = {\url{https://de.wikipedia.org/w/index.php?title=Abrundungsfunktion_und_Aufrundungsfunktion&oldid=245710111}},
	year = {},
	note = {[Zugegriffen 06-07-2024]},
}

@misc{wikilog,
	author = {},
	title = {{L}ogischer {O}perator – {W}ikipedia},
	howpublished = {\url{https://de.wikipedia.org/w/index.php?title=Logischer_Operator&oldid=239968056}},
	year = {},
	note = {[Zugegriffen 09-07-2024]},
}

@misc{nvo,
	author = {juris GmbH},
	title = {{L}andesrecht {B}{W} --- landesrecht-bw.de},
	howpublished = {\url{https://www.landesrecht-bw.de/bsbw/document/jlr-NotBildVBWrahmen}},
	year = {},
	note = {[Zugegriffen 19-07-2024]},
}

@misc{emn178SHA256File,
	author = {emn178},
	title = {{S}{H}{A}256 {F}ile {C}hecksum --- emn178.github.io},
	howpublished = {\url{https://emn178.github.io/online-tools/sha256_checksum.html}},
	year = {},
	note = {[Zugegriffen 01-08-2024]},
}