@misc{wikimodulo,
	author = {},
	title = {{D}ivision mit {R}est – {W}ikipedia},
	howpublished = {\url{https://de.wikipedia.org/w/index.php?title=Division_mit_Rest&oldid=245849462#Modulo}},
	year = {},
	note = {[Accessed 06-07-2024]},
}

@misc{wikibetrag,
	author = {},
	title = {{B}etragsfunktion – {W}ikipedia},
	howpublished = {\url{https://de.wikipedia.org/w/index.php?title=Betragsfunktion&oldid=242940827}},
	year = {},
	note = {[Accessed 06-07-2024]},
}

@misc{wikigaussklammer,
	author = {},
	title = {{A}brundungsfunktion und {A}ufrundungsfunktion – {W}ikipedia},
	howpublished = {\url{https://de.wikipedia.org/w/index.php?title=Abrundungsfunktion_und_Aufrundungsfunktion&oldid=245710111}},
	year = {},
	note = {[Accessed 06-07-2024]},
}

@misc{wikilog,
	author = {},
	title = {{L}ogischer {O}perator – {W}ikipedia},
	howpublished = {\url{https://de.wikipedia.org/w/index.php?title=Logischer_Operator&oldid=239968056}},
	year = {},
	note = {[Accessed 09-07-2024]},
}